<record><leader>00000cas a22000007a 4500</leader><controlfield tag="001">20956075</controlfield><controlfield tag="008">900125d19531959aruwr ne      0    0eng d</controlfield><datafield ind1=" " ind2=" " tag="010"><subfield code="a">sn 90050007 </subfield></datafield><datafield ind1=" " ind2=" " tag="040"><subfield code="a">ANU</subfield><subfield code="b">eng</subfield><subfield code="c">ANU</subfield><subfield code="d">OCLCQ</subfield></datafield><datafield ind1=" " ind2=" " tag="042"><subfield code="a">msc</subfield></datafield><datafield ind1="0" ind2="4" tag="245"><subfield code="a">The Calhoun herald.</subfield></datafield><datafield ind1=" " ind2=" " tag="260"><subfield code="a">Hampton, Calhoun County, Ark. :</subfield><subfield code="b">Lewis S. Davidson</subfield></datafield><datafield ind1=" " ind2=" " tag="300"><subfield code="a">v.</subfield></datafield><datafield ind1=" " ind2=" " tag="310"><subfield code="a">Weekly</subfield></datafield><datafield ind1="1" ind2=" " tag="362"><subfield code="a">Began in 1953.</subfield></datafield><datafield ind1="0" ind2=" " tag="362"><subfield code="a">-v. 7, no. 53 (Dec. 31, 1959).</subfield></datafield><datafield ind1=" " ind2=" " tag="588"><subfield code="a">Description based on: Vol. 1, no. 11 (Mar. 12, 1953).</subfield></datafield><datafield ind1=" " ind2=" " tag="752"><subfield code="a">United States</subfield><subfield code="b">Arkansas</subfield><subfield code="c">Calhoun</subfield><subfield code="d">Hampton.</subfield></datafield><datafield ind1="0" ind2="7" tag="785"><subfield code="t">Arkansas plaindealer</subfield><subfield code="w">(DLC)sn 90050013</subfield></datafield><datafield ind1="0" ind2="7" tag="785"><subfield code="t">Calhoun herald and the Arkansas plaindealer</subfield><subfield code="w">(DLC)sn 90050012</subfield></datafield><datafield ind1="1" ind2=" " tag="029"><subfield code="a">AU@</subfield><subfield code="b">000025902039</subfield></datafield></record>